<?xml version="1.0" encoding="UTF-8"?><collection xmlns="http://www.loc.gov/MARC21/slim"><record><leader>00366nam--2200133-i-4500</leader><controlfield tag="001">000011297</controlfield><controlfield tag="002">20161230</controlfield><controlfield tag="005">20161230201029</controlfield><controlfield tag="008">060222s1000------------r-----000-0-eng-d</controlfield><datafield ind1=" " ind2=" " tag="080"><subfield code="a">007:62-52</subfield></datafield><datafield ind1=" " ind2=" " tag="100"><subfield code="a">Anderla, Georges</subfield></datafield><datafield ind1=" " ind2=" " tag="245"><subfield code="a">L information en 1985. une etude prevision- nelle des besoins et des ressources</subfield></datafield><datafield ind1=" " ind2=" " tag="260"><subfield code="a">Paris, Ocde, 1973 142 P</subfield></datafield><datafield ind1=" " ind2=" " tag="852"><subfield code="a">41942</subfield></datafield></record></collection>